% Encoding: UTF-8

@Article{,
}

@Article{Bhaumik2005,
  author    = {Dulal K Bhaumik and Robert D Gibbons},
  title     = {Confidence Regions for Random-Effects Calibration Curves With Heteroscedastic Errors},
  journal   = {Technometrics},
  year      = {2005},
  volume    = {47},
  number    = {2},
  pages     = {223--231},
  month     = {may},
  doi       = {10.1198/004017005000000021},
  publisher = {Informa {UK} Limited},
}

@Comment{jabref-meta: databaseType:bibtex;}
